% Encoding: UTF-8

@Online{Morgan2021,
  author    = {William Morgan},
  title     = {The Service Mesh},
  url       = {https://buoyant.io/service-mesh-manifesto},
  urldate   = {2023-06-10},
}

@Online{Harris2023,
  author    = {Chandler Harris},
  title     = {Microservices vs. monolithic architecture},
  date      = {2023},
  url       = {https://www.atlassian.com/microservices/microservices-architecture/microservices-vs-monolith},
  urldate   = {2023-05-10},
}

@Online{Redhat2018,
  author    = {Redhat},
  title     = {What's a service mesh?},
  date      = {2018-06-29},
  url       = {https://www.redhat.com/en/topics/microservices/what-is-a-service-mesh},
  urldate   = {2023-05-10},
}

@Online{RameshMF2018,
	author    = {Ramesh Fadatare},
	title     = {spring-petclinic},
	date      = {2018-10-22},
	url       = {https://github.com/RameshMF/spring-petclinic},
	urldate   = {2023-08-15},
}

@Online{Valdes2022,
  author    = {Alfonse Valdes},
  title     = {Microservices vs Monolith: The Ultimate Comparison 2022},
  date      = {2021-03-10},
  url       = {https://www.clickittech.com/devops/microservices-vs-monolith/},
  urldate   = {2023-06-10},
}

@Online{Ciobotaru2020,
  author       = {Ana Ciobotaru},
  title        = {Microservices: Testing, Observing, and Understanding},
  date      = {2020-01-01},
  url       = {https://pdfcoffee.com/microservices-testing-observing-and-understanding-the-infoq-emag-issue-81-january-2020-pdf-free.html},
  urldate   = {2023-08-19},
}

@Online{Ciobotaru2021,
  author       = {Ana Ciobotaru},
  title        = {Service Mesh Ultimate Guide 2021},
  date      = {2021-02-01},
  url       = {https://www.researchgate.net/publication/344156242_Principles_for_Microservice_Design_Think_IDEALS_Rather_than_SOLID},
  urldate   = {2023-08-19},
}

@Online{Cloudacademy2023,
  author       = {Cloudacademy},
  title        = {Advantages and Disadvantages of Microservices Architecture},
  date      = {2023-07-17},
  url       = {https://cloudacademy.com/blog/microservices-architecture-challenge-advantage-drawback/},
  urldate   = {2024-03-01},
}

@Online{Alexandra2022,
  author  = {Alexandra and Andrew},
  date    = {2022-01-27},
  title   = {THE ADVANTAGES OF MICROSERVICES VS MONOLITHIC ARCHITECTURES},
  url     = {https://intexsoft.com/blog/the-competing-advantages-of-microservices-vs-monolithic-architectures/},
  urldate = {2024-03-01},
}

@Book{Richardson2018,
  author = {Chris Richardson},
  date   = {2018-10-27},
  title  = {Microservices Patterns: With Examples in Java},
}

@Online{Richardson,
  author = {Chris Richardson},
  date   = {2023-08-06},
  editor = {Microservices.io},
  title  = {Ancient lore: Lehman’s laws of software evolution},
  url    = {https://microservices.io/post/architecture/2023/08/06/lehmans-laws-of-software-evolution.html},
}

@Article{Godfrey2013,
  author       = {Michael W. Godfrey and Daniel M. German},
  date         = {2013},
  journaltitle = {Journal of Software: Evolution and Process},
  title        = {On the Evolution of Lehman’s Laws},
  type         = {techreport},
}

@Online{Fowler2014,
  author = {James Lewis and Martin Fowler},
  date   = {2014-03-25},
  title  = {Microservices},
  url    = {https://martinfowler.com/articles/microservices.html},
}

@Online{Istio,
  author = {Istio},
  title  = {Getting Started},
  url    = {https://istio.io/latest/docs/setup/getting-started/},
}

@Online{Nodejs,
  author = {Node.js},
  title  = {About Node.js},
  url    = {https://nodejs.org/en/about}
}

@Online{React,
  author = {React},
  title  = {React - A JavaScript library for building user interfaces},
  url    = {https://reactjs.org/}
}

@Online{MySQL,
  author = {MySQL},
  title  = {MySQL},
  url    = {https://www.mysql.com/}
}

@Online{Axios,
  author = {Axios},
  title  = {Promise based HTTP client for the browser and node.js},
  url    = {https://axios-http.com/}
 }

 @Online{Python,
  author = {Python},
  title  = {Python},
  url    = {https://www.python.org/}
 }

 @Online{MongoDB,
  author = {MongoDB},
  title  = {MongoDB},
  url    = {https://www.mongodb.com/}
 }

@Online{Minikube,
  author = {Minikube},
  title  = {Minikube},
  url    = {https://minikube.sigs.k8s.io/docs/}
 }

@Online{Kubernetes,
  author = {Kubernetes},
  title  = {Horizontal Pod Autoscaling},
  url    = {https://kubernetes.io/docs/tasks/run-application/horizontal-pod-autoscale/},
}

@Comment{jabref-meta: databaseType:biblatex;}
