% Encoding: UTF-8

% Encoding: UTF-8
@Online{Morgan2021,
  author    = {William Morgan},
  title     = {The Service Mesh},
  date      = {},
  url       = {https://buoyant.io/service-mesh-manifesto},
  urldate   = {2023-06-10},
}
@Online{Harris2023,
  author    = {Chandler Harris},
  title     = {Microservices vs. monolithic architecture},
  date      = {2023},
  url       = {https://www.atlassian.com/microservices/microservices-architecture/microservices-vs-monolith},
  urldate   = {2023-05-10},
}
@Online{Redhat2018,
  author    = {Redhat},
  title     = {What's a service mesh?},
  date      = {2018-06-29},
  url       = {https://www.redhat.com/en/topics/microservices/what-is-a-service-mesh},
  urldate   = {2023-05-10},
}
@Online{RameshMF2018,
	author    = {Ramesh Fadatare},
	title     = {spring-petclinic},
	date      = {2018-10-22},
	url       = {https://github.com/RameshMF/spring-petclinic},
	urldate   = {2023-08-15},
}
@Online{Valdes2022,
  author    = {Alfonse Valdes},
  title     = {Microservices vs Monolith: The Ultimate Comparison 2022},
  date      = {2021-03-10},
  url       = {https://www.clickittech.com/devops/microservices-vs-monolith/},
  urldate   = {2023-06-10},
}
@Online{Ciobotaru2020,
  author       = {Ana Ciobotaru},
  title        = {Microservices: Testing, Observing, and Understanding},
  date      = {2020-01-01},
  url       = {https://pdfcoffee.com/microservices-testing-observing-and-understanding-the-infoq-emag-issue-81-january-2020-pdf-free.html},
  urldate   = {2023-08-19},
}
@Online{Ciobotaru2021,
  author       = {Ana Ciobotaru},
  title        = {Service Mesh Ultimate Guide 2021},
  date      = {2021-02-01},
  url       = {https://www.researchgate.net/publication/344156242_Principles_for_Microservice_Design_Think_IDEALS_Rather_than_SOLID},
  urldate   = {2023-08-19},
}


@Comment{jabref-meta: databaseType:biblatex;}
